@book{tsay2014introduction,
  title={An introduction to analysis of financial data with R},
  author={Tsay, Ruey S},
  year={2014},
  publisher={John Wiley \& Sons}
}

@article{engle1982,
  title={Autoregressive conditional heteroscedasticity with estimates of the variance of United Kingdom inflation},
  author={Engle, Robert F},
  journal={Econometrica: Journal of the Econometric Society},
  pages={987--1007},
  year={1982},
  publisher={JSTOR}
}